%% This BibTeX bibliography file was created using BibDesk.
%% http://bibdesk.sourceforge.net/

%% Created for 超级极品世界最强宇宙第一小本本 at 2019-06-14 13:30:27 -0400 


%% Saved with string encoding Unicode (UTF-8) 



@manual{FluentTheoryGuide,
	Address = {Shouthpointe, 275 Technology Drive, Canonsburg, PA},
	Date-Added = {2019-06-14 13:27:45 -0400},
	Date-Modified = {2019-06-14 13:30:24 -0400},
	Edition = {17.0},
	Organization = {ANSYS, Inc.},
	Title = {ANSYS Fluent Theory Guide},
	Url = {https://www.sharcnet.ca/Software/Ansys/17.2/en-us/help/flu_th/flu_th.html},
	Year = {2017}}

@manual{udfmanual,
	Address = {Shouthpointe, 275 Technology Drive, Canonsburg, PA},
	Date-Added = {2019-06-14 12:52:24 -0400},
	Date-Modified = {2019-06-14 13:04:41 -0400},
	Edition = {15.0},
	Month = {November},
	Organization = {ANSYS, Inc.},
	Title = {ANSYS Fluent UDF Manual},
	Year = {2013}}

@phdthesis{li2010,
	Address = {London, Ontario, Canada},
	Author = {Li, Dongbing},
	School = {The University of Western Ontario},
	Title = {Investigation of Circulating Fluidized Bed Riser and Downer Reactor Performance for Catalytic Ozone Decomposition},
	Year = {2010}}

@phdthesis{wangcx2013,
	Address = {London, Ontario, Canada},
	Author = {Wang, Chengxiu},
	School = {The University of Western Ontario},
	Title = {High density gas-solids circulating fluidized bed riser and downer reactors},
	Year = {2013}}

@phdthesis{liujs2016,
	Address = {London, Ontario, Canada},
	Author = {Liu, Jiangshan},
	School = {The University of Western Ontario},
	Title = {Reactor Performances and Hydrodynamics of Various Gas-Solids Fluidized Beds},
	Year = {2016}}

@mastersthesis{konglei2012,
	Address = {London, Ontario, Canada},
	Author = {Lei, Kone},
	School = {University of Western Ontario},
	Title = {Numerical simulation of catalytic ozone decomposition reaction in a gas-solids circulating fluidized bed riser},
	Year = {2012}}

@mastersthesis{liuyf2018,
	Address = {London, Ontario, Canada},
	Author = {Liu, Yunfeng},
	School = {University of Western Ontario},
	Title = {Numerical simulation of three-phase flows in the inverse fluidized bed},
	Year = {2018}}

@book{prosperetti2009computational,
	Author = {Prosperetti, Andrea and Tryggvason, Gr{\'e}tar},
	Publisher = {Cambridge university press},
	Title = {Computational methods for multiphase flow},
	Year = {2009}}

@book{gonzalez2008first,
	Author = {Gonzalez, Oscar and Stuart, Andrew M},
	Publisher = {Cambridge University Press},
	Title = {A first course in continuum mechanics},
	Year = {2008}
}

@article{zhong2016cfd,
	title={CFD simulation of dense particulate reaction system: Approaches, recent advances and applications},
	author={Zhong, Wenqi and Yu, Aibing and Zhou, Guanwen and Xie, Jun and Zhang, Hao},
	journal={Chemical Engineering Science},
	volume={140},
	pages={16--43},
	year={2016},
	publisher={Elsevier}
}

@article{ge2019multiscale,
	title={Multiscale structures in particle--fluid systems: Characterization, modeling, and simulation},
	author={Ge, Wei and Chang, Qi and Li, Chengxiang and Wang, Junwu},
	journal={Chemical Engineering Science},
	year={2019},
	publisher={Elsevier}
}

@article{Ding1990,
	author = {Ding, Jianmin and Gidaspow, Dimitri},
	doi = {10.1002/aic.690360404},
	file = {:C$\backslash$:/Users/dengz/AppData/Local/Mendeley Ltd./Mendeley Desktop/Downloaded/Ding, Gidaspow - 1990 - A bubbling fluidization model using kinetic theory of granular flow.pdf:pdf},
	isbn = {1547-5905},
	issn = {15475905},
	journal = {AIChE Journal},
	mendeley-groups = {From Sun},
	number = {4},
	pages = {523--538},
	title = {{A bubbling fluidization model using kinetic theory of granular flow}},
	volume = {36},
	year = {1990}
}

@article{Li2014,
	author = {Li, Tingwen and Gel, Aytekin and Pannala, Sreekanth and Shahnam, Mehrdad and Syamlal, Madhava},
	doi = {10.1016/j.powtec.2014.04.008},
	isbn = {00325910},
	issn = {1873328X},
	journal = {Powder Technology},
	keywords = {Circulating fluidized bed,Computational fluid dynamics,Gas-solid flow,Numerical simulation,Pressure drop,Riser flow},
	number = {C},
	pages = {2--12},
	publisher = {Elsevier B.V.},
	title = {{Reprint of ``CFD simulations of circulating fluidized bed risers, part I: Grid study''}},
	volume = {265},
	year = {2014}
}

@article{Huilin2003,
	author = {Huilin, Lu and Gidaspow, Dimitri and Bouillard, Jacques and Wentie, Liu},
	isbn = {1385-8947},
	issn = {13858947},
	journal = {Chemical Engineering Journal},
	number = {1-3},
	pages = {1--13},
	title = {{Hydrodynamic simulation of gas-solid flow in a riser using kinetic theory of granular flow}},
	volume = {95},
	year = {2003}
}

@book{matthews2012vector,
	title={Vector calculus},
	author={Matthews, Paul C},
	year={2012},
	publisher={Springer Science \& Business Media}
}

@book{wang2014fluid,
	title={Fluid mechanics as I understand it},
	author={Wang, Hongwei},
	year={2014},
	publisher={National Defense Industry Press}
}

@misc{kundu2012fluid,
	title={Fluid Mechanics},
	author={Kundu, Pijush K and Cohen, Ira M and Dowling, David R},
	year={2012},
	Edition = {5},
	publisher={Elsevier}
}

@book{Prata:2013:CPP:2578965,
	author = {Prata, Stephen},
	title = {C Primer Plus},
	year = {2013},
	isbn = {0321928423, 9780321928429},
	edition = {6th},
	publisher = {Addison-Wesley Professional},
} 

@article{Peng2010,
	author = {Peng, Botao and Zhu, Jesse and Zhang, Chao},
	journal = {Industrial {\&} Engineering Chemistry Research},
	pages = {5310--5322},
	title = {{Numerical Study on the Effect of the Air Jets at the Inlet Distributor in the Gas-Solids Circulating Fluidized-Bed Risers}},
	volume = {49},
	year = {2010}
}

@article{AndrewsIV2005,
	author = {{Andrews IV}, Arthur T. and Loezos, Peter N. and Sundaresan, Sankaran},
	journal = {Industrial and Engineering Chemistry Research},
	number = {16},
	pages = {6022--6037},
	title = {{Coarse-grid simulation of gas-particle flows in vertical risers}},
	volume = {44},
	year = {2005}
}

@article{Almuttahar2008,
	author = {Almuttahar, Adnan and Taghipour, Fariborz},
	file = {:C$\backslash$:/Users/dengz/Downloads/1-s2.0-S0032591007004895-main.pdf:pdf},
	isbn = {0032-5910},
	issn = {00325910},
	journal = {Powder Technology},
	keywords = {CFD,Circulating Fluidized Bed,Eulerian-Granular,Modeling},
	number = {1},
	pages = {11--23},
	title = {{Computational fluid dynamics of high density circulating fluidized bed riser: Study of modeling parameters}},
	volume = {185},
	year = {2008}
}

@article{Agrawal2001,
	author = {Agrawal, Kapil and Loezos, Peter N. and Syamlal, Madhava and Sundaresan, Sankaran},
	issn = {0022-1120},
	journal = {Journal of Fluid Mechanics},
	pages = {151--185},
	title = {{The role of meso-scale structures in rapid gas–solid flows}},
	volume = {445},
	year = {2001}
}

@article{Zhang2001,
	author = {Zhang, D. Z. and VanderHeyden, W. B.},
	isbn = {1505665442},
	issn = {00325910},
	journal = {Powder Technology},
	number = {2-3},
	pages = {133--141},
	title = {{High-resolution three-dimensional numerical simulation of a circulating fluidized bed}},
	volume = {116},
	year = {2001}
}

@article{Therdthianwong2003,
	author = {Therdthianwong, Apichai and Pantaraks, Pareena and Therdthianwong, Supaporn},
	journal = {Powder Technology},
	number = {1-3},
	pages = {1--14},
	title = {{Modeling and simulation of circulating fluidized bed reactor with catalytic ozone decomposition reaction}},
	volume = {133},
	year = {2003}
}

@article{Hansen2004,
	author = {Hansen, Kim Granly and Solberg, Tron and Hjertager, Bj{\o}rn H.},
	issn = {00092509},
	journal = {Chemical Engineering Science},
	number = {22-23},
	pages = {5217--5224},
	title = {{A three-dimensional simulation of gas/particle flow and ozone decomposition in the riser of a circulating fluidized bed}},
	volume = {59},
	year = {2004}
}

@article{Dong2008,
	author = {Dong, Weigang and Wang, Wei and Li, Jinghai},
	journal = {Chemical Engineering Science},
	number = {10},
	pages = {2811--2823},
	title = {{A multiscale mass transfer model for gas-solid riser flows: Part II-Sub-grid simulation of ozone decomposition}},
	volume = {63},
	year = {2008}
}

@article{li2011catalytic,
  title={Catalytic reaction in a circulating fluidized bed downer: ozone decomposition},
  author={Li, Dongbing and Zhu, Jesse and Ray, Madhumita B and Ray, Ajay K},
  journal={Chemical engineering science},
  volume={66},
  number={20},
  pages={4615--4623},
  year={2011},
  publisher={Elsevier}
}

@article{wang2014hydrodynamics,
  title={Hydrodynamics and reactor performance evaluation of a high flux gas-solids circulating fluidized bed downer: Experimental study},
  author={Wang, Chengxiu and Barghi, Shahzad and Zhu, Jesse},
  journal={AIChE Journal},
  volume={60},
  number={10},
  pages={3412--3423},
  year={2014},
  publisher={Wiley Online Library}
}

@article{wang2014axial,
  title={Axial and radial development of solids holdup in a high flux/density gas--solids circulating fluidized bed},
  author={Wang, Chengxiu and Zhu, Jesse and Barghi, Shahzad and Li, Chunyi},
  journal={Chemical Engineering Science},
  volume={108},
  pages={233--243},
  year={2014},
  publisher={Elsevier}
}

@article{bi1993static,
  title={Static instability analysis of circulating fluidized beds and concept of high-density risers},
  author={Bi, Hsiaotao and Zhu, Jingxu},
  journal={AIChE Journal},
  volume={39},
  number={8},
  pages={1272--1280},
  year={1993},
  publisher={Wiley Online Library}
}

@book{fogler2016element,
	Author = {FOGLER, H. SCOTT},
	Publisher = {CPearson Education, Inc.},
	Title = {Elements of Chemical Reaction Engineering},
	Year = {2016},
	Edition = {5}
}

@book{matthews1998vector,
  title={Vector calculus},
  author={Matthews, Paul C},
  year={1998},
  publisher={Springer Science \& Business Media}
}